@article{Barber1995,
  author    = "Nigel Barber",
  year      = "1995",
  title     = "The Evolutionary Psychology of Physical Attractiveness: Sexual Selection and Human Morphology",
  journal   = "Ethology and Sociobiology",
  volume    = "16",
  pages     = "395-424"
}

@book{BarrettDunbarLycett2007,
  author    = "Barrett, L. and Dunbar, R. and Lycett, J.",
  year      = "2007",
  title     = "Evoluční psychologie člověka",
  address   = "Praha",
  publisher = "Portál"
}

@misc{CSU2010,
  author     = "ČSÚ",
  year      = "2010",
  title     = "Studenti a~absolventi vysokých škol v~ČR celkem",
  howpublished = "Retrieved Apr 28, 2010 from \url{http://www.czso.cz/csu/redakce.nsf%
                  /i/studenti\_a\_absolventi\_vysokych\_skol\_v\_cr\_celkem}"
}

@book{Darwin2005,
  author    = "Darwin, C.",
  year      = "2005",
  title     = "O pohlavním výběru",
  address   = "Praha",
  publisher = "Academia"
}

@article{CamposOttaSiquera2002,
  author    = "de Sousa Campos, L. and Otta, E. and de Oliveira Siquera, J.",
  year      = "2002",
  title     = "Sex differences in mate selection strategies : Content analyses and responses to personal advertisements in Brazil.",
  journal   = "Evolution and Human Behaviour",
  volume    = "23",
  pages     = "395-406"
}

@book{OxfordHandbook2009,
  author    = "Dunbar, R. and Barrett, L.",
  year      = "2009",
  title     = "The Oxford Handbook of Evolutionary Psychology",
  address   = "Oxford",
  publisher = "Oxford University Press"
}

@incollection{DunbarBarrett2009,
  author    = "Dunbar, R. and Barrett, L.",
  year      = "2009",
  title     = "Evolutionary psychology in the round",
  editor    = "R.I.M. Dunbar and L. Barret",
  booktitle = "The Oxford Handbook of Evolutionary Psychology",
  address   = "Oxford",
  publisher = "Oxford University Press"
}

@misc{EOSGallupEurope2002,
  author    = "EOS Gallup Europe",
  year      = "2002",
  title     = "Internet and the public at large",
  howpublished = "Retrieved Apr 28, 2010 from \url{http://ec.europa.eu/public\_opinion/flash/fl125_en.pdf}",
}

@article{Gil-BurmanPelaezSanchez2002,
  author    = "Gil-Burmann, C. and Peláez, F. and Sánchez, S.",
  year      = "2002",
  title     = "Mate Choice Difference According to Sex and Age",
  journal   = "Human Nature",
  volume    = "13(4)",
  pages     = "493-508"
}

@article{GreenlessMcGrew1994,
  author    = "Greenless, I.A. and McGrew, W.C.",
  year      = "1994",
  title     = "Sex and Age Difference in Preferences and Tactics of Mate Attraction : Analysis of Published Advertisements",
  journal   = "Ethology and Sociobiology",
  volume    = "15",
  pages     = "59-72"
}

@article{HallParkSongCody2010,
  author    = "Hall, J.A. and Park, N. and Song, H. and Cody, M.J.",
  year      = "2010",
  title     = "Strategic misrepresentation in online dating: The effects of gender, self-monitoring, and personality traits",
  journal   = "Journal of Social and Personal Relationships",
  volume    = "27(1)",
  pages     = "117-135",
  howpublished = "SagePub database"
}

@article{HarrisonSaeed1977,
  author    = "Harrison, A.A. and Saeed, L.",
  year      = "1977",
  title     = "Let's make a Deal: An Analysis of Revelations and Stipulations in Lonely Hearts Advertisements",
  journal   = "Journal of Personality and Social Psychology",
  volume    = "35(4)",
  pages     = "257-264"
}

@incollection{HendrickHendrick2000,
  author    = "Clyde Hendrick and Susan S. Hendrick",
  year      = "2000",
  title     = "Romantic Love",
  booktitle = "Close relationships: A source book",
  editor    = "Clyde Hendrick and Susan S. Hendrick",
  publisher = "Sage Publications, Inc."
}

@incollection{GuerreroAndersen2000,
  author    = "Laura K. Guerrero and Peter A. Andersen",
  year      = "2000",
  title     = "Emotion in Close Relationships",
  booktitle = "Close relationships: A source book",
  editor    = "Clyde Hendrick and Susan S. Hendrick",
  publisher = "Sage Publications, Inc."
}

@incollection{Kelley1986,
  author    = "Kelley, H.H.",
  year      = "1986",
  title     = "Personal relationships: Their nature and significance",
  editor    = "Gilmour, R. and Duck, S.",
  booktitle = "The emerging field of personal relationships",
  pages     = "3-19",
  address   = "Lancaster, England",
  publisher = "University of Lancaster",
  howpublished = "Questia Database"
}

@misc{Kovar2005,
  author    = "Kovář, P.",
  year      = "2005",
  title     = "Antikoncepce a~kojení",
  howpublished = "Retrieved Apr 16, 2010 \url{http://www.planovanirodiny.cz/view.php?cisloclanku=2006010926}"
}

@article{Murstein1970,
  author    = "Murstein, B.I.",
  year      = "1970",
  title     = "Stimulus--Value--Role: A theory of Marital Choice",
  journal   = "Journal of Marriage and the Family",
  volume    = "32(3)",
  pages     = "465-481",
  howpublished = "Retrieved Apr 27, 2010 from \url{http://www.nd.edu/\~celison/Articles/0\%20Values/Murstein/Murstein\%201970\%20-\%20SVR\%20Theory.pdf}"
}

@article{PawlowskiKoziel2002,
  author    = "Paw{\l}owski, B. and Koziel, S.",
  year      = "2002",
  title     = "The impact of traits offered in personal advertisements on reponse rates",
  journal   = "Evolution and Human Behaviour",
  volume    = "23",
  pages     = "139-149"
}

@book{Planava1998,
  author    = "Plaňava, I.",
  year      = "1998",
  title     = "Spolu každý sám",
  address   = "Praha",
  publisher = "Nakladatelství Lidové noviny"
}

@book{Ridley2007,
  author     = "Ridley, M.",
  year       = "2007",
  title      = "Červená královna: sexualita a~vývoj lidské přirozenosti",
  addresss   = "Praha",
  publisher  = "Portál"
}

@book{Rican2006,
  author     = "Říčan, P.",
  year       = "2006",
  title      = "Cesta životem : vývojová psychologie",
  edition    = "2. vydání",
  address    = "Praha",
  publisher  = "Portál"
}

@incollection{Trivers1972,
  author     = "Trivers, R.L.",
  year       = "1972",
  title      = "Parental investment and sexual selection",
  booktitle  = "Sexual selection and the descent of man 1871 - 1971",
  editor     = "Bernard Grant Campbell",
  edition    = "2nd",
  howpublished = "Retrieved Apr 6, 2010 from \url{http://books.google.com/books?id=7snvTHwvnn8C\&lpg=PA136\&ots=jRx286XoyD\&dq=trivers\%20parental\%20investment\%20and\%20sexual\%20selection\&lr=\&pg=PA171\#v=onepage\&q=trivers\%20parental\%20investment\%20and\%20sexual\%20selection\&f=false}",
  publisher  = "Aldine Transaction"
}

@misc{UZIS2002,
  author     = "ÚZIS",
  year       = "2002",
  title      = "Aktuální informace č.48/2002",
  howpublished = "Retrieved Apr 26, 2010 from \url{http://www.uzis.cz/download\_file.php?file=781}",
}

@article{WayfordDunbar1995,
  author     = "Wayford, D. and Dunbar, R.I.M.",
  year       = "1995",
  title      = "Conditional Mate Choice Strategies in Humans: Evidence from 'Lonely Hearts' Advertisements",
  journal    = "Behaviour",
  volume     = "132(9-10)",
  pages      = "755-779"
}

@article{GangestadBuss1993,
  author     = "Gangestad, S.W. and Buss, D.M.",
  year       = "1993",
  title      = "Pathogen Prevalence and Human Mate Preferences",
  journal    = "Ethology and Sociobiology",
  volume     = "14",
  pages      = "89-96"
}

@article{WichmannHill1982,
  author     = "Wichmann, B.A. and Hill, I.D.",
  year       = "1982",
  title      = "Algorithm AS 183: An efficient and portable pseudo-random number generator",
  journal    = "Applied Statistics",
  volume     = "31",
  pages      = "188-190",
  howpublished = "Retrieved Apr 25, 2010 from \url{http://docs.python.org/library/random.html}",
}

@book{Vagnerova2007,
  author     = "Marie Vágnerová",
  year       = "2007",
  title      = "Vývojová psychologie II: Dospělost a stáří",
  address    = "Praha",
  publisher  = "Karolinum"
}

@article{Buss2007,
  author     = "David M. Buss", 
  year       = "2007",
  title      = "The Evolution of Human Mating",
  journal    = "Acta Psychologica Sinica",
  volume     = "39(3)",
  pages      = "502-512",
  howpublished = "Retrieved Apr 29, 2010 from \url{http://homepage.psy.utexas.edu/Homepage/Group/BussLAB/pdffiles/evolution_of_human_mating_2007.pdf}"
}

@article{BussSchmitt1993,
  author     = "Buss, D.M. and Schmitt, D.P.",
  year       = "1993",
  title      = "Sexual Strategies Theory: An evolutionary perspective on human mating",
  journal    = "Psychological Review",
  volume     = "100",
  pages      = "204-232",
  howpublished = "Retrieved May 2, 2010 from \url{http://homepage.psy.utexas.edu/Homepage/Group/BussLAB/pdffiles/Sexual_Strategies_Theory_1993.pdf}"
}

@book{Buss2004,
  author     = "Buss, D. M.",
  year       = "2004",
  title      = "Evolutionary psychology: The new science of the mind",
  edition    = "2",
  address    = "Boston",
  publisher  = "Allyn \& Bacon"
}

@article{Buss1989,
  author     = "Buss, D. M.",
  year       = "1989",
  title      = "Conflict between the sexes: Strategic interference and the evocation of anger and upset",
  journal    = "Journal of Personality & Social Psychology",
  volume     = "56",
  pages      = "735-747",
  howpublished = "Retrieved May 3, 2010 from \url{http://homepage.psy.utexas.edu/Homepage/Group/BussLAB/pdffiles/Conflict_Between_Sexes_1989.pdf}"
}

@article{BussEtAl1990,
  author     = "David M. Buss and Abbott, M. and Angleitner, A. and Biaggio, A. and Blanco-Villasenor, A. and Bruchon Schweitzer, M. and 45 additional authors",
  year       = "1990",
  title      = "International preferences in selecting mates: A study of 37 societies",
  journal    = "Journal of Cross Cultural Psychology",
  volume     = "21",
  pages      = "5-47",
  howpublished = "Retrieved May 3, 2010 from \url{http://homepage.psy.utexas.edu/Homepage/Group/BussLAB/pdffiles/cross-cultural_pysch1990.pdf}"
}

@book{Erikson1999,
  author     = "Erikson, E. H.",
  year       = "1999",
  title      = "Životní cyklus rozšířený a dokončený",
  address    = "Praha",
  publisher  = "Nakladatelství Lidové noviny"
}

@book{LangmeierKrejcirova2007,
  author     = "Langmeier, J. and Krejčířová, D.",
  year       = "2007",
  title      = "Vývojová psychologie",
  edition    = "2",
  address    = "Praha",
  publisher  = "Grada Publishing"
}

@book{VyrostSlamenik2008,
  author     = "Jozef Výrost and Ivan Slaměník",
  year       = "2008",
  title      = "Sociální psychologie",
  publisher  = "Grada Publishing",
  address    = "Praha"
}

@incollection{Vyrost2008,
  author     = "Jozef Výrost",
  year       = "2008",
  title      = "Osobní vztahy",
  booktitle  = "Sociální psychologie",
  editor     = "Jozef Výrost and Ivan Slaměník",
  publisher  = "Grada Publishing",
  address    = "Praha"
}

@incollection{Slamenik2008,
  author     = "Ivan Slaměník",
  year       = "2008",
  title      = "Afiliace, atraktivita, láska",
  booktitle  = "Sociální psychologie",
  editor     = "Jozef Výrost and Ivan Slaměník",
  publisher  = "Grada Publishing",
  address    = "Praha"
}

@book{Kratochvil2009,
  author     = "Stanislav Kratochvíl",
  year       = "2009",
  title      = "Manželská a~párová terapie",
  publisher  = "Portál",
  address    = "Praha"
}

@article{EllisonEtAl2006,
  author     = "Nicole Ellison and Rebecca Heino and Jennifer Gibbs",
  year       = "2006",
  title      = "Managing impressions online: Self-presentation processes in the online dating environment",
  journal    = "Journal of Computer-Mediated Communication",
  volume     = "11(2)",
  howpublished = "Retrieved Apr 4, 2010 from \url{http://jcmc.indiana.edu/vol11/issue2/ellison.html}"
}

@article{GibbsEtAl2006,
  author     = "Gibbs, J. L. and Ellison, N. B. and Heino, R. D.",
  year       = "2006",
  title      = "Self-presentation in online personals: The role of anticipated future interaction, self-disclosure, and perceived success in Internet dating",
  journal    = "Communication Research",
  volume     = "33(2)",
  pages      = "1-26"
}

@book{Rozsypal2003,
  author     = "Stanislav Rozsypal and et al",
  year       = "2003",
  title      = "Nový přehled biologie",
  address    = "Praha",
  publisher  = "Scientia"
}

@misc{CSU2006,
  author     = "ČSÚ",
  year       = "2006",
  title      = "Porodnost a plodnost 2001 - 2005",
  howpublished = "Retrieved May 3, 2010 from \url{http://www.czso.cz/csu/2006edicniplan.nsf/p/4008-06}"
}

@misc{CSU2003,
  author     = "ČSÚ",
  year       = "2003",
  title      = "\v{Z}eny v~\v{C}esk\'e republice",
  howpublished = "Retrieved May 3, 2010 from \url{http://www.czso.cz/csu/2002edicniplan.nsf/p/4015-02}"
}

@book{Dawkins1998,
  author     = "Richard Dawkins",
  year       = "1998",
  title      = "Sobecký gen",
  publisher  = "Mladá fronta",
  addresss   = "Praha"
}

@book{Handbook2005,
  editor     = "David M. Buss",
  title      = "The Handbook of Evolutionary Psychology",
  year       = "2005",
  publisher  = "John Wiley \& Sons",
  address    = "Hoboken, New Jersey"
}

@article{GalaczSmahel2007,
  author     = "Galácz, A. and Šmahel, D.",
  year       = "2007",
  title      = "Information Society from a Comparative Perspective: Digital Divide and Social Effects of the Internet",
  journal    = "Cyberpsychology: Journal of Psychosocial Research on Cyberspace",
  volume     = "1(1)",
  howpublished = "Retrieved May 4, 2010 from \url{http://www.worldinternetproject.net/publishedarchive/Information\%20Society\%20from\%20a\%20Comparative\%20Perspective.pdf}"
}

@article{LupacSladek2008,
  author     = "Lupač, P. and Sládek, J.",
  year       = "2008",
  title      = "The Deepening of the Digital Divide in the Czech Republic",
  journal    = "Cyberpsychology: Journal of Psychosocial Research on Cyberspace",
  volume     = "2(1)"
}

@article{HallEtAl2010,
  author     = "Jeffrey A. Hall and Namkee Park and Hayeon Song and Michael J. Cody",
  year       = "2010",
  title      = "Strategic misrepresentation in online dating: The effects of gender, self-monitoring, and personality traits",
  journal    = "Journal of Social and Personal Relationships",
  volume     = "27(1)",
  pages      = "117-135"
}
